@inbook{quelle1,
    author = "Autor",
    title = {Titel},
    year = "Jahr",
    publisher = "Herausgeber", 
    address="Ort",
    pages = {Seitenzahl}
}

@online{quelle2,
    author="Autor",
    title="Titel",
    url="URL",
    year="Jahr",
    note={[Stand: Datum]}
}

