@inbook{quelle1,
    author = "Autor",
    title = {Titel},
    year = "Jahr",
    publisher = "Herausgeber", 
    address="Ort",
    pages = {Seitenzahl}
}

@online{quelle2,
    author="Autor",
    title="Titel",
    url="URL",
    year="Jahr",
    note={[Stand: Datum]}
}

@online{formula_sae,
    title="Formula SAE",
    url="https://fsaeonline.com/page.aspx?pageid=c4c5195a-60c0-46aa-acbf-2958ef545b72",
    year="2022",
    publisher="Formula SAE",
    note={[Accessed: 04.03.2022]}
}

@online{amz_racing_history,
    title="AMZ Racing History",
    url="https://electric.amzracing.ch/en/formula-student",
    year="2022",
    publisher="AMZ Racing",
    note={[Accessed: 05.03.2022]}
}

@techreport{path_planning_and_control_georgiev,
    title="Path planning and control for an autonomous race car",
    institution="University of Edinburgh",
    author="Ignat Georgiev",
    year = "2019"
}

@online{fszhaw_launch,
    title="Formula Student ZHAW Launch",
    url="https://fszhaw.ch/de/zhaw-goes-formula-student/",
    year="2019",
    publisher="Gianluca Brunetti",
    note={[Accessed: 05.03.2022]}
}

@online{python_robotics,
    title="PythonRobotics",
    url="https://pythonrobotics.readthedocs.io/en/latest/",
    year="2021",
    publisher="Atsushi Sakai",
    note={[Accessed: 04.03.2022]}
}

@online{ros2_documentation,
    title="ROS 2 Documentation: Foxy documentation",
    url="https://docs.ros.org/en/foxy/index.html",
    year="2022",
    publisher = "Open Robotics", 
    note={[Accessed: 01.03.2022]}
}

@online{ros2_distributions,
    title="ROS 2 Distributions",
    url="https://docs.ros.org/en/rolling/Releases.html",
    year="2022",
    publisher = "Open Robotics", 
    note={[Accessed: 01.03.2022]}
}

@online{ros2_releases_and_target_platforms,
    author={Arguedas, Mikael and Ragnarok, Steven and Thomas, Dirk and Nash, Audrow},
    title="ROS 2 Releases and Target Platforms",
    url="https://www.ros.org/reps/rep-2000.html",
    year={2021},
    month={Nov},
    publisher = "Open Robotics", 
    note={[Accessed: 01.03.2022]}
}
